% vim: textwidth=0 syntax=bib

@string{POT       = { Proceedings of the }}

%% System
@string{SOSP      = { ACM Symposium on Operating Systems Principles (SOSP)}}
@string{OSDI      = { USENIX Symposium on Operating Systems Design and Implementation (OSDI)}}
@string{ATC       = { USENIX Annual Technical Conference (ATC)}}
@string{EUROSYS   = { European Conference on Computer Systems (EuroSys)}}
@string{SOCC      = { ACM Symposium on Cloud Computing (SoCC)}}
@string{APSYS     = { Asia-Pacific Workshop on Systems (APSys)}}
@string{PODC      = { ACM SIGACT-SIGOPS Symposium on Principles of Distributed Computing (PODC)}}
@string{HOTOS     = { USENIX Workshop on Hot Topics in Operating Systems}}
@string{HOTPOWER  = { Workshop on Power-Aware Computing and Systems (HotPower)}}
@string{ICDCS     = { International Conference on Distributed Computing Systems (ICDCS)}}
@string{TACAS     = { International Conference on Tools and Algorithms for the Construction and Analysis of Systems (TACAS)}}
@string{VEE       = { ACM SIGPLAN/SIGOPS International Conference on Virtual Execution Environments (VEE)}}
@string{ISMM      = { ACM SIGPLAN International Symposium on Memory Management (ISMM)}}
@string{TOCS      = { ACM Transactions on Computer Systems}}
@string{OSR       = { ACM SIGOPS Operating System Review}}
@string{OLS       = { Ottawa Linux Symposium }}
@string{TOC       = { IEEE Transactions on Computers}}
@string{FGCS      = { Future Generation Computer Systems}}
@string{JPDC      = { Journal of Parallel and Distributed Computing}}

%% Storage
@string{FAST      = { USENIX Conference on File and Storage Technologies (FAST)}}
@string{MSST      = { IEEE Conference on Massive Data Storage (MSST)}}
@string{TOS       = { ACM Transactions on Storage}}
@string{HOTSTORAGE_09
                  = { SOSP Workshop on Hot Topics in Storage and File Systems (HotStorage)}}
@string{HOTSTORAGE= { USENIX Workshop on Hot Topics in Storage and File Systems (HotStorage)}}

%% Embedded and mobile
@string{MOBISYS   = { ACM International Conference on Mobile Computing Systems (MobiSys)}}
@string{HOTMOBILE = { International Workshop on Mobile Computing Systems and Applications (HotMobile)}}
@string{EMSOFT    = { ACM SIGBED International Conference on Embedded Software (EMSOFT)}}
@string{TECS      = { ACM Transactions on Embedded Computing Systems}}
@string{TCE       = { IEEE Transactions on Consumer Electronics}}

%% Security
@string{SP        = { IEEE Symposium on Security and Privacy (Oakland)}}
@string{SEC       = { USENIX Security Symposium (Security)}}
@string{CCS       = { ACM Conference on Computer and Communications Security (CCS)}}
@string{NDSS      = { Annual Network and Distributed System Security Symposium (NDSS)}}
@string{RAID      = { International Symposium on Research in Attacks, Intrusions and Defenses (RAID)}}
@string{ESORICS   = { European Symposium on Research in Computer Security (ESORICS)}}
@string{ACSAC     = { Annual Computer Security Applications Conference (ACSAC)}}
@string{DSN       = { International Conference on Dependable Systems and Networks (DSN)}}
@string{WOOT      = { USENIX Workshop on Offensive Technologies (WOOT)}}
@string{DIMVA     = { Conference on Detection of Intrusions and Malware and Vulnerability Assessment (DIMVA)}}
@string{ASIACCS   = { ACM Symposium on Information, Computer and Communications Security (ASIACCS)}}
@string{BLACKHAT  = { Black Hat USA Briefings (Black Hat USA)}}
@string{SDNNFVSEC = { ACM International Workshop on Security in SDN and NFV}}
@string{WUSEC     = { Workshop on Usable Security (USEC)}}
@string{ISC       = { Information Security Conference (ISC)}}
@string{SOUPS     = { ACM Symposium on Usable Privacy and Security (SOUPS)}}
@string{TISSEC    = { ACM Transactions on Information and System Security}}

%% PL/Compiler
@string{POPL      = { ACM Symposium on Principles of Programming Languages (POPL)}}
@string{PLDI      = { ACM SIGPLAN Conference on Programming Language Design and Implementation (PLDI)}}
@string{CC        = { International Conference on Compiler Construction (CC)}}
@string{CGO       = { International Symposium on Code Generation and Optimization (CGO)}}
@string{OOPSLA    = { Annual ACM Conference on Object-Oriented Programming, Systems, Languages, and Applications (OOPSLA)}}
@string{PPOPP     = { ACM Symposium on Principles and Practice of Parallel Programming (PPoPP)}}
@string{ISMM      = { International Symposium on Memory Management (ISMM)}}
@string{TOPLAS    = { ACM Transactions on Programming Languages and Systems}}
@string{NOTICES   = { ACM SIGPLAN Notices}}

%% SE
@string{ICSE      = { International Conference on Software Engineering (ICSE)}}
@string{FSE       = { ACM SIGSOFT Symposium on the Foundations of Software Engineering (FSE)}}
@string{ASE       = { IEEE/ACM International Conference on Automated Software Engineering (ASE)}}
@string{ISSTA     = { International Symposium on Software Testing and Analysis (ISSTA)}}
@string{ESEC      = { European Software Engineering Conference (ESEC)}}
@string{CAV       = { International Conference on Computer Aided Verification (CAV)}}

%% Web
@string{WWW       = { International World Wide Web Conference (WWW)}}

%% Arch
@string{ISCA      = { ACM/IEEE International Symposium on Computer Architecture (ISCA)}}
@string{MICRO     = { Annual IEEE/ACM International Symposium on Microarchitecture (MICRO)}}
@string{ASPLOS    = { ACM International Conference on Architectural Support for Programming Languages and Operating Systems (ASPLOS)}}
@string{HPCA      = { IEEE Symposium on High Performance Computer Architecture (HPCA)}}
@string{PACT      = { International Conference on Parallel Architectures and Compilation Techniques (PACT)}}

%% Crypto
@string{CRYPTO    = { International Cryptology Conference (CRYPTO)}}
@string{EUROCRYPT = { Annual International Conference on the Theory and Applications of Cryptographic Techniques (EUROCRYPT)}}
@string{ASIACRYPT = { Annual International Conference on the Theory and Application of Cryptology and Information Security (ASIACRYPT)}}
@string{CTRSA     = { The Cryptographer's Track at the RSA Conference (CT-RSA)}}
@string{CHES      = { Cryptographic Hardware and Embedded Systems (CHES)}}

%% Network
@string{SIGCOMM   = { ACM SIGCOMM}}
@string{NSDI      = { USENIX Symposium on Networked Systems Design and Implementation (NSDI)}}
@string{HOTNETS   = { ACM Workshop on Hot Topics in Networks (HotNets)}}
@string{CACM      = { Communications of the ACM}}
@string{HOTI      = { Symposium on High Performance Interconnect (HOTI)}}

%% DB/Mining
@string{VLDB      = { International Conference on Very Large Data Bases (VLDB)}}
@string{SIGMOD    = { ACM SIGMOD/PODS Conference}}
@string{ICDE      = { IEEE International Conference on Data Engineering (ICDE)}}
@string{CIDR      = { biennial Conference on Innovative Data Systems Research (CIDR)}}

%% Computing
@string{SC        = { International Conference for High Performance Computing, Networking, Storage and Analysis (SC)}}
@string{DISC      = { International Conference on Distributed Computing (DISC)}}
@string{IPDPS     = { International Parallel and Distributed Processing Symposium (IPDPS)}}
@string{CLUSTER   = { IEEE International Conference on Cluster Computing (CLUSTER)}}
@string{CCGRID    = { IEEE/ACM International Symposium on Cluster Computing and the Grid (CCGRID)}}
@string{ICS       = { ACM International Conference on Supercomputing (ICS)}}

%% Else
@string{STOC      = { Annual ACM Symposium on Theory of Computing (STOC)}}
@string{WCSE      = { International Workshop on Computer Science and Engineering (WCSE)}}
@string{ICEEI     = { International Conference on Electrical Engineering and Informatics (ICEEI)}}
@string{SAC       = { ACM Symposium on Applied Computing (SAC)}}

@string{HASP      = { Hardware and Architectural Support for Security and Privacy (HASP)}}
@string{DAC       = { Annual Design Automation Conference (DAC)}}
@string{DATE      = { Conference on Design, Automation, and Test in Europe (DATE)}}
