% vim: nowrap textwidth=0 filetype=bib  foldmethod=marker

% Base
@inproceedings{nvmevirt,
	author = {Sang-Hoon Kim and Jaehoon Shim and Euidong Lee and Seongyeop Jeong and Ilkueon Kang and Jin-Soo Kim},
	title = {{NVMeVirt}: A Versatile Software-defined Virtual {NVMe} Device},
	crossref = {FAST23},
}


% Fragmentation
@inproceedings{Defragmentation_Log_write_is_ssd_to_bad,
	author = {Park, Jonggyu and Kang, Dong Hyun and Eom, Young Ik},
	title = {File Defragmentation Scheme for a Log-Structured File System},
	crossref = {APSYS16},
}

@inproceedings{Defragmentation_mobile,
	author = {Sangwook Shane Hahn and Sungjin Lee and Cheng Ji and Li-Pin Chang and Inhyuk Yee and Liang Shi and Chun Jason Xue and Jihong Kim},
	title = {Improving File System Performance of Mobile Storage Systems Using a Decoupled Defragmenter},
	crossref = {ATC17},
	pages = {759--771},
}

@inproceedings{Defragmentation_nofile,
	author = {Yuhun Jun and Shinhyun Park and Jeong-Uk Kang and Sang-Hoon Kim and Euiseong Seo},
	title = {We Ain{\textquoteright}t Afraid of No File Fragmentation: Causes and Prevention of Its Performance Impact on Modern Flash {SSDs}},
	crossref = {FAST24},
	pages = {193--208},
}

@article{Defragmentation_read_collision,
	author={Jun, Yuhun and Park, Jaehyung and Kang, Jeong-Uk and Seo, Euiseong},
	journal={IEEE Access}, 
	title={Analysis and Mitigation of Patterned Read Collisions in Flash SSDs}, 
	year={2022},
	volume={10},
	number={},
	pages={96997-97009},
	doi={10.1109/ACCESS.2022.3204994},
}

@inproceedings{fragpicker:sosp21,
	author = {Park, Jonggyu and Eom, Young Ik},
	title = {FragPicker: A New Defragmentation Tool for Modern Storage Devices},
	crossref = {SOSP21},
	pages = {280–294},
	numpages = {15},
}

@article{Defragmentation_parallel_file_scheme,
	author = {Guangyu Zhu and Jeongeun Lee and Yongseok Son},
	title = {An efficient and parallel file defragmentation scheme for flash-based SSDs},
	journal = POT # {37th ACM/SIGAPP Symposium on Applied Computing (SAC)},
	year = {2022},
	url = {https://api.semanticscholar.org/CorpusID:248546020},
}

@inproceedings{Problem_in_SSD_Senescence,
	author = {Alex Conway and Ainesh Bakshi and Yizheng Jiao and William Jannen and Yang Zhan and Jun Yuan and Michael A. Bender and Rob Johnson and Bradley C. Kuszmaul and Donald E. Porter and Martin Farach-Colton},
	title = {File Systems Fated for Senescence? Nonsense, Says Science!},
	crossref = {FAST17},
	pages = {45--58},
}

@inproceedings{Problem_in_SSD_Empirical,
	author = {Cheng Ji and Li-Pin Chang and Liang Shi and Chao Wu and Qiao Li and Chun Jason Xue},
	title = {An Empirical Study of {File-System} Fragmentation in Mobile Storage Systems},
	crossref = {HOTSTORAGE16},
}

@article{Problem_in_SSD_Mobile_Devices,
	author = {Ji, Cheng and Chang, Li-Pin and Hahn, Sangwook Shane and Lee, Sungjin and Pan, Riwei and Shi, Liang and Kim, Jihong and Xue, Chun Jason},
	title = {File Fragmentation in Mobile Devices: Measurement, Evaluation, and Treatment}, 
	journal = {IEEE Transactions on Mobile Computing}, 
	year = {2019},
	volume = {18},
	number = {9},
	pages = {2062-2076},
}

@inproceedings{geriatrix:atc18,
	author = {Saurabh Kadekodi and Vaishnavh Nagarajan and Gregory R. Ganger},
	title = {Geriatrix: Aging what you see and what you {don{\textquoteright}t} see. A file system aging approach for modern storage systems},
	crossref = {ATC18},
	pages = {691--704},
}

@inproceedings{Fragmentation_is_problem_It'smore,
	author = {Alex Conway and Eric Knorr and Yizheng Jiao and Michael A. Bender and William Jannen and Rob Johnson and Donald Porter and Martin Farach-Colton},
	title = {Filesystem Aging: {It{\textquoteright}s} more Usage than Fullness},
	crossref = {HOTSTORAGE19},
}

@inproceedings{Logical_Fragmentation_vs_physical_Fragmentation,
	author = {Sangwook Shane Hahn and Sungjin Lee and Cheng Ji and Li-Pin Chang and Inhyuk Yee and Liang Shi and Chun Jason Xue and Jihong Kim},
	title = {Improving File System Performance of Mobile Storage Systems Using a Decoupled Defragmenter},
	crossref = {ATC17},
	pages = {759--771},
}

@article{after_time_aging_increase,
	author = {Kesavan, Ram and Curtis-Maury, Matthew and Devadas, Vinay and Mishra, Kesari},
	title = {Countering Fragmentation in an Enterprise Storage System},
	journal = {TOS},
	year = {2019},
	month = nov,
	volume = {15},
	number = {4},
	publisher = {Association for Computing Machinery},
	articleno = {25},
	numpages = {35},
}

@article{conway:login17,
	author = {Conway, Alex and Bakshi, Ainesh and Jiao, Yizheng and Zhan, Yang and Bender, Michael A and Jannen, William and Johnson, Rob and Kuszmaul, Bradley C and Porter, Donald E and Yuan, Jun and others},
	title = {How to fragment your file system},
	journal = {USENIX; login},
	year = {2017},
}

@inproceedings{survey:ictc23,
	author = {Lee, Sangjin and Nguyen, Lan Anh and Yeo, Hyeongi and Kim, Sunggon and Cho, Sungrae and Son, Yongseok},
	title = {A Survey on File Defragmentation Techniques on Modern Storage Systems}, 
	booktitle = POT # {14th International Conference on Information and Communication Technology Convergence (ICTC)}, 
	year = {2023},
	volume = {},
	number = {},
	pages = {785-787},
}

@inproceedings{gardening:fast19,
	author = {Ram Kesavan and Matthew Curtis-Maury and Vinay Devadas and Kesari Mishra},
	title = {Storage Gardening: Using a Virtualization Layer for Efficient Defragmentation in the {WAFL} File System},
	crossref = {FAST19},
	pages = {65--78},
}

@inproceedings{IO,
	author = {Park, Jonggyu and Eom, Young Ik},
	title = {File fragmentation from the perspective of I/O control},
	crossref = {HOTSTORAGE22},
	pages = {126–132},
	numpages = {7},
}
